@misc{ wiki,
       author = "proofwiki.org",
       title = "Sum of Geometric Progression",
       }