@misc{ wiki,
       author = "proofwiki.org",
       title = "Sum of Geometric Progression",
       link =" \url{https://www.proofwiki.org/wiki/Sum_of_Geometric_Progression/}"
       }